@online{ICAO1,
author ={International Civil Aviation Organization},
year = {NA},
title ={ePassport Basics },
url ={https://www.icao.int/Security/FAL/PKD/Pages/ePassport-Basics.aspx},
lastaccessed ={April 5, 2025},
}

@misc{ wiki1,
author = {Wikipedia},
title = {Electronic identification},
year = {2025},
month = {mar},
day = {12},
url = {https://en.wikipedia.org/wiki/Electronic_identification},
lastaccessed = {April 5, 2025}
}

@misc{ wiki2,
author = {Wikipedia},
title = {Biometric passport},
year = {2025},
month = {mar},
day = {31},
url = {https://en.wikipedia.org/wiki/Biometric_passport},
lastaccessed = {April 5, 2025}
}

@manual{ ICAO2,
author = {International Civil Aviation Organization},
title = {Doc 9303{,} Machine Readable Travel Document},
part = {4},
year = {2021},
edition = {8},
isbn = {978-92-9275-309-2},
}

@article{Gibson22,
Author = {Adam Gibson},
Title = {From Zero (Knowledge) to Bulletproofs},
Year = {2022},
month = {Jun},
day = {27},
url = {https://github.com/AdamISZ/from0k2bp},
lastaccessed = {April 5, 2025}
}

@misc{cryptoeprint:2012/095,
      author = {Nir Bitansky and Ran Canetti and Alessandro Chiesa and Eran Tromer},
      title = {Recursive Composition and Bootstrapping for {SNARKs} and Proof-Carrying Data},
      howpublished = {Cryptology {ePrint} Archive, Paper 2012/095},
      year = {2012},
      url = {https://eprint.iacr.org/2012/095}
}

@article{Bunz17,
Author = {Benedikt Bunz and Jonathan Bootle and Dan Boneh and Andrew Poelstra and Pieter Wuille and Greg Maxwell},
Title = {Bulletproofs: Short Proofs for Confidential Transactions and More},
Year = {2017},
url = {https://web.stanford.edu/~buenz/pubs/bulletproofs.pdf},
lastaccessed = {April 6, 2025}
}

@article{Groth09,
Author = {Jens Groth},
Title = {Linear Algebra with Sub-linear Zero-Knowledge Arguments},
Year = {2009},
url = {http://www0.cs.ucl.ac.uk/staff/J.Groth/MatrixZK.pdf},
lastaccessed = {April 6, 2025}
}

@misc{ VYA18,
author = {Henry de Valence and Cathie Yun and and Oleg Andreev},
title = {Bulletproofs},
year = {2018},
url = {https://crates.io/crates/bulletproofs},
lastaccessed = {April 6, 2025}
}

@misc{ VAL18,
author = {Henry de Valence},
title = {Merlin},
year = {2018},
url = {https://crates.io/crates/merlin},
lastaccessed = {April 6, 2025}
}
